<record><leader>00000cas a22000007a 4500</leader><controlfield tag="001">11821572</controlfield><controlfield tag="008">850319d18731881nyuwr ne      0    0eng d</controlfield><datafield ind1=" " ind2=" " tag="010"><subfield code="a">sn 85025597 </subfield></datafield><datafield ind1=" " ind2=" " tag="040"><subfield code="a">NPX</subfield><subfield code="b">eng</subfield><subfield code="c">NPX</subfield><subfield code="d">YOX</subfield><subfield code="d">NYS</subfield><subfield code="d">OCLCQ</subfield></datafield><datafield ind1=" " ind2=" " tag="042"><subfield code="a">msc</subfield></datafield><datafield ind1="0" ind2="4" tag="245"><subfield code="a">The New York weekly mail.</subfield></datafield><datafield ind1=" " ind2=" " tag="260"><subfield code="a">New York [N.Y. :</subfield><subfield code="b">s.n.]</subfield></datafield><datafield ind1=" " ind2=" " tag="300"><subfield code="a">v.</subfield></datafield><datafield ind1=" " ind2=" " tag="310"><subfield code="a">Weekly</subfield></datafield><datafield ind1="1" ind2=" " tag="362"><subfield code="a">Began in 1873.</subfield></datafield><datafield ind1=" " ind2=" " tag="580"><subfield code="a">Daily ed.: New York evening mail (New York, N.Y. : 1867), 1867-1877; New York mail, 1877-1878; Mail (New York, N.Y. : 1878), 1878-1879; Evening mail (New York, N.Y. : 1879), 1879-1881.</subfield></datafield><datafield ind1=" " ind2=" " tag="588"><subfield code="a">Description based on: Vol. 2, no. 82 (July 23, 1873).</subfield></datafield><datafield ind1=" " ind2="4" tag="651"><subfield code="a">New York (N.Y.)</subfield><subfield code="v">Newspapers.</subfield></datafield><datafield ind1=" " ind2=" " tag="752"><subfield code="a">United States</subfield><subfield code="b">New York</subfield><subfield code="c">New York</subfield><subfield code="d">New York.</subfield></datafield><datafield ind1="1" ind2=" " tag="775"><subfield code="t">New York evening mail (New York, N.Y. : 1867)</subfield><subfield code="w">(DLC)sn 83030190</subfield></datafield><datafield ind1="1" ind2=" " tag="775"><subfield code="t">New York mail</subfield><subfield code="w">(DLC)sn 88073042</subfield></datafield><datafield ind1="1" ind2=" " tag="775"><subfield code="t">Mail (New York, N.Y. : 1878)</subfield><subfield code="w">(DLC)sn 83030191</subfield></datafield><datafield ind1="1" ind2=" " tag="775"><subfield code="t">Evening mail (New York, N.Y. : 1879)</subfield><subfield code="w">(DLC)sn 88073043</subfield></datafield><datafield ind1="0" ind2="0" tag="780"><subfield code="t">New York evening mail (New York, N.Y. : Weekly)</subfield><subfield code="w">(DLC)sn 85025599</subfield></datafield><datafield ind1="0" ind2="7" tag="785"><subfield code="t">New York weekly express</subfield><subfield code="w">(DLC)sn 83030080</subfield></datafield><datafield ind1="0" ind2="7" tag="785"><subfield code="t">Mail and express (New York, N.Y. : Weekly)</subfield><subfield code="w">(DLC)sn 83030185</subfield></datafield><datafield ind1="1" ind2=" " tag="029"><subfield code="a">AU@</subfield><subfield code="b">000020371314</subfield></datafield></record>